<record><leader>00000cas a22000007a 4500</leader><controlfield tag="001">10180736</controlfield><controlfield tag="008">831202d18611864riudn ne      0    0eng d</controlfield><datafield ind1=" " ind2=" " tag="010"><subfield code="a">sn 83021458 </subfield></datafield><datafield ind1=" " ind2=" " tag="040"><subfield code="a">NPX</subfield><subfield code="b">eng</subfield><subfield code="c">NPX</subfield><subfield code="d">DLC</subfield><subfield code="d">RHN</subfield><subfield code="d">OCL</subfield><subfield code="d">KRTAS</subfield><subfield code="d">OCLCF</subfield><subfield code="d">OCLCO</subfield></datafield><datafield ind1="1" ind2=" " tag="029"><subfield code="a">AU@</subfield><subfield code="b">000020226221</subfield></datafield><datafield ind1=" " ind2=" " tag="042"><subfield code="a">msc</subfield></datafield><datafield ind1="0" ind2="0" tag="050"><subfield code="a">Newspaper 9683</subfield></datafield><datafield ind1="0" ind2=" " tag="130"><subfield code="a">Evening press (Providence, R.I.)</subfield></datafield><datafield ind1="0" ind2="0" tag="245"><subfield code="a">Evening press.</subfield></datafield><datafield ind1="1" ind2="7" tag="246"><subfield code="a">Providence daily evening press</subfield></datafield><datafield ind1=" " ind2=" " tag="260"><subfield code="a">Providence, [R.I.] :</subfield><subfield code="b">Cooke &amp; Danielson,</subfield></datafield><datafield ind1=" " ind2=" " tag="300"><subfield code="a">v.</subfield></datafield><datafield ind1=" " ind2=" " tag="310"><subfield code="a">Daily (except Sun.)</subfield></datafield><datafield ind1="0" ind2=" " tag="362"><subfield code="a">Vol. 6, no. 20 (Oct. 7, 1861)-v. 11, no. 78 (June 11, 1864) = whole no. 796-whole no. 1616.</subfield></datafield><datafield ind1=" " ind2=" " tag="530"><subfield code="a">Available in microform from Bell &amp; Howell, Micro-photo division.</subfield></datafield><datafield ind1=" " ind2=" " tag="580"><subfield code="a">Weekly edition: Rhode Island press.</subfield></datafield><datafield ind1=" " ind2="0" tag="651"><subfield code="a">Providence (R.I.)</subfield><subfield code="v">Newspapers.</subfield></datafield><datafield ind1=" " ind2="7" tag="655"><subfield code="a">Newspapers.</subfield><subfield code="2">fast</subfield><subfield code="0">(OCoLC)fst01423814</subfield></datafield><datafield ind1=" " ind2="7" tag="651"><subfield code="a">Rhode Island</subfield><subfield code="z">Providence.</subfield><subfield code="2">fast</subfield><subfield code="0">(OCoLC)fst01204977</subfield></datafield><datafield ind1=" " ind2=" " tag="752"><subfield code="a">United States</subfield><subfield code="b">Rhode Island</subfield><subfield code="c">Providence</subfield><subfield code="d">Providence.</subfield></datafield><datafield ind1="1" ind2=" " tag="775"><subfield code="t">Rhode Island press</subfield><subfield code="w">(DLC)sn 83021438</subfield></datafield><datafield ind1="0" ind2="0" tag="780"><subfield code="t">Providence evening press (Providence, R.I. : 1859)</subfield><subfield code="w">(DLC)sn 83021457</subfield></datafield><datafield ind1="0" ind2="0" tag="785"><subfield code="t">Providence evening press (Providence, R.I. : 1864)</subfield><subfield code="w">(DLC)sn 83021459</subfield></datafield><datafield ind1=" " ind2=" " tag="938"><subfield code="a">Kirtas Technologies, Inc.</subfield><subfield code="b">KRTS</subfield><subfield code="n">737928</subfield></datafield></record>